@electronic{Whittle2011,
	Author = {Robin Whittle},
	Institution = {White Paper},
	Title = {{DSP generation of Pink (1/f) Noise}, http://www.firstpr.com.au/dsp/pink-noise/},
	Year = {2011}}

@book{LangeSigSys1,
	Address = {Berlin},
	Author = {Franz Heinrich Lange},
	Date-Added = {2020-03-06 5:42:59 PM +0100},
	Date-Modified = {2020-03-06 5:45:59 PM +0100},
	Edition = {2nd},
	Publisher = {Verlag Technik},
	Title = {Signale und Systeme I},
	Year = {1975}}

@book{Fastl2007,
	Address = {Berlin},
	Author = {Hugo Fastl AND Eberhard Zwicker},
	Date-Added = {2020-03-06 5:25:19 PM +0100},
	Date-Modified = {2020-03-06 5:45:32 PM +0100},
	Edition = {3rd},
	Publisher = {Springer},
	Title = {Psychoacoustics},
	Year = {2007}}

@article{Liski2019IEEE,
	Author = {Juho Liski AND Bal{\'a}zs Bank AND Julius O. Smith AND Vesa V{\"a}lim{\"a}ki},
	Date-Added = {2020-03-06 5:16:08 PM +0100},
	Date-Modified = {2020-03-06 5:19:53 PM +0100},
	Journal = {IEEE Trans. Sig. Process.},
	Number = {14},
	Pages = {3785-3795},
	Title = {Converting Series Biquad Filters Into Delayed Parallel Form: Application to Graphic Equalizers},
	Volume = {67},
	Year = {2019}}

@book{Ballou2008,
	Address = {Burlington, MA},
	Author = {Glen M. Ballou},
	Date-Added = {2020-03-06 4:55:09 PM +0100},
	Date-Modified = {2020-03-06 4:56:15 PM +0100},
	Edition = {4th},
	Publisher = {Focal Press},
	Title = {Handbook for Sound Engineers},
	Year = {2008}}

@inproceedings{Spors2010,
	Address = {Tokyo},
	Author = {Sascha Spors AND Jens Ahrens},
	Booktitle = {Proc. 40th Audio Eng. Soc. Conf.},
	Title = {{Local Sound Field Synthesis by Virtual Secondary Sources}},
	Year = {2010}}

@inproceedings{Spors2011,
	Address = {New York},
	Author = {Sascha Spors AND Karim Helwani AND Jens Ahrens},
	Booktitle = {Proc. 131st Audio Eng. Soc. Conv.},
	Number = {\#8529},
	Title = {{Local Sound Field Synthesis by Virtual Acoustic Scattering and Time-Reversal}},
	Year = {2011}}

@electronic{Spors2019,
	Author = {Sascha Spors},
	Institution = {University of Rostock},
	Title = {{Digital Signal Processing - Lecture notes featuring computational examples}, https://github.com/spatialaudio/digital-signal-processing-lecture/tree/2018/19},
	Year = {2019}}

@article{Ramo2014,
	Author = {Jussi R{\"a}m{\"o} AND Vesa V{\"a}lim{\"a}ki AND Bal{\'a}zs Bank},
	Journal = {IEEE/ACM Trans. Audio Speech Language Process.},
	Number = {12},
	Pages = {1894-1904},
	Title = {High-Precision Parallel Graphic Equalizer},
	Volume = {22},
	Year = {2014}}

@article{Tassart2013,
	Author = {Stephan Tassart},
	Journal = {J. Audio Eng. Soc.},
	Number = {5},
	Pages = {263-279},
	Title = {Graphical Equalization Using Interpolated Filter Banks},
	Volume = {61},
	Year = {2013}}

@article{Bank2017,
	Author = {Balazs Bank AND Jose A. Belloch AND Vesa V{\"a}lim{\"a}ki},
	Journal = {J. Audio Eng. Soc.},
	Number = {10},
	Pages = {817-825},
	Title = {Efficient Design of a Parallel Graphic Equalizer},
	Volume = {65},
	Year = {2017}}

@inproceedings{Liski2017,
	Address = {Edingburgh},
	Author = {Juho Liski AND Vesa V{\"a}lim{\"a}ki},
	Booktitle = {Proc. 20th Int. Conf. Digit. Audio Eff. (DAFx)},
	Pages = {95-102},
	Title = {{The Quest for the Best Graphic Equalizer}},
	Year = {2017}}

@inproceedings{Oliver2015,
	Address = {New York},
	Author = {Richard J. Oliver AND Jean-Marc Jot},
	Booktitle = {Proc. 139th Audio Eng. Soc. Conv.},
	Number = {\#9406},
	Title = {{Efficient Multi-Band Digital Audio Graphic Equalizer with Accurate Frequency Response Control}},
	Year = {2015}}

@article{Valimaki2017,
	Author = {Vesa V{\"a}lim{\"a}ki AND Juho Liski},
	Journal = {IEEE Sig. Process. Letters},
	Number = {2},
	Pages = {176-180},
	Title = {Accurate Cascade Graphic Equalizer},
	Volume = {24},
	Year = {2017}}

@article{Tseng2017,
	Author = {Chien-Cheng Tseng AND Su-Ling Lee},
	Journal = {Sig. Process.},
	Pages = {80-97},
	Title = {{Closed-Form Designs of Digital Fractional Order Butterworth Filters Using Discrete Transforms}},
	Volume = {137},
	Year = {2017}}

@article{Vairetti2018,
	Author = {Giacomo Vairetti AND Enzo de Sena AND Michael Catrysse AND S{\o}ren Holdt Jensen AND Marc Moonen AND Toon van Waterschoot},
	Journal = {J. Audio Eng. Soc.},
	Number = {11},
	Pages = {935-952},
	Title = {{An Automatic Design Procedure for Low-Order IIR Parametric Equalizers}},
	Volume = {66},
	Year = {2018}}

@inproceedings{Abel2004,
	Address = {Miami},
	Author = {Jonathan S. Abel AND David P. Berners},
	Booktitle = {Proc. 30th Int. Comput. Music Conf.},
	Title = {{Filter Design Using Second-Order Peaking and Shelving Sections}},
	Year = {2004}}

@article{Barbosa2006,
	Author = {Ramiro S. Barbosa AND J. A. Tenreiro Machado AND Isabel M. Ferreira},
	Journal = {Sig. Process.},
	Pages = {2567-2581},
	Title = {Time Domain Design of Fractional Diffintegrators Using Least-Squares},
	Volume = {86},
	Year = {2006}}

@inproceedings{Barbosa2005,
	Address = {Prague},
	Author = {Ramiro S. Barbosa AND J. A. Tenreiro Machado AND Isabel M. Ferreira},
	Booktitle = {Proc. 16th World Congr. Int. Fed. Autom. Control},
	Pages = {309-314},
	Title = {{Pole-Zero Approximations of Digital Fractional-Order Integrators and Differentiators Using Signal Modeling Techniques}},
	Year = {2005}}

@inproceedings{McGrath2004,
	Address = {San Francisco},
	Author = {David McGrath AND Justin Baird AND Bruce Jackson},
	Booktitle = {Proc. 117th Audio Eng. Soc. Conv.},
	Number = {\#6257},
	Title = {{Raised Cosine Equalization Utilizing Log Scale Filter Synthesis}},
	Year = {2004}}

@article{Acharya2014,
	Author = {Anish Acharya AND Saptarshi Das AND Indranil Pan AND Shantanu Das},
	Journal = {Sig. Process.},
	Pages = {409-420},
	Title = {{Extending the Concept of Analog Butterworth Filter for Fractional Order Systems}},
	Volume = {94},
	Year = {2014}}

@inproceedings{Helie2013,
	Address = {New York},
	Author = {Thomas H{\'e}lie},
	Booktitle = {Proc. 135th Audio Eng. Soc. Conv},
	Number = {\#8929},
	Title = {{Real-Time Simulation of a Family of Fractional-Order Low-Pass Filters}},
	Year = {2013}}

@phdthesis{Schultz2016,
	Author = {Frank Schultz},
	School = {University of Rostock},
	Title = {Sound Field Synthesis for Line Source Array Applications in Large-Scale Sound Reinforcement},
	Year = {2016}}

@inproceedings{Liski2019,
	Address = {New Paltz},
	Author = {Juho Liski AND Jussi R{\"a}m{\"o} AND Vesa V{\"a}lim{\"a}ki},
	Booktitle = {Proc. IEEE Workshop Appl. Sig. Process. Audio Acoust. (WASPAA)},
	Pages = {55-59},
	Title = {Graphic Equalizer Design with Symmetric Biquad Filters},
	Year = {2019}}

@inproceedings{Holters2006b,
	Address = {Montreal},
	Author = {Martin Holters AND Udo Z{\"o}lzer},
	Booktitle = {Proc. 9th Int. Conf. Digit. Audio Eff. (DAFx)},
	Pages = {37-40},
	Title = {Graphic Equalizer Design Using Higher-Order Recursive Filters},
	Year = {2006}}

@inproceedings{Holters2006a,
	Address = {Paris},
	Author = {Martin Holters AND Udo Z{\"o}lzer},
	Booktitle = {Proc. 120th Audio Eng. Soc. Conv.},
	Number = {\#6722},
	Title = {{Parametric Recursive Higher-Order Shelving Filters}},
	Year = {2006}}

@book{Zolzer2011,
	Address = {Chichester},
	Author = {Udo Z{\"o}lzer},
	Edition = {2nd},
	Publisher = {Wiley},
	Title = {DAFX: Digital Audio Effects},
	Year = {2011}}

@book{Reiss2015,
	Address = {Boca Raton},
	Author = {Joshua D. Reiss AND Andrew P. McPherson},
	Publisher = {CRC Press},
	Title = {{Audio Effects: Theory, Implementation and Application}},
	Year = {2015}}

@article{Valimaki2016,
	Author = {Vesa V{\"a}lim{\"a}ki AND Joshua D. Reiss},
	Journal = {Appl. Sci.},
	Pages = {129},
	Title = {{All About Audio Equalization: Solutions and Frontiers}},
	Volume = {6},
	Year = {2016}}

@book{hahn1996hilbert,
	Address = {Boston},
	Author = {Hahn, Stefan L},
	Publisher = {Artech House},
	Title = {{Hilbert} Transforms in Signal Processing},
	Year = {1996}}

@inproceedings{Schultz2017,
	Address = {Berlin},
	Author = {Frank Schultz AND Gergely Firtha AND P{\'e}ter Fiala AND Sascha Spors},
	Booktitle = {Proc. 142nd Audio Eng. Soc. Conv.},
	Number = {\#9722},
	Title = {{Wave Field Synthesis Driving Functions for Large-Scale Sound Reinforcement Using Line Source Arrays}},
	Year = {2017}}

@article{Firtha2017,
	Author = {Gergely Firtha AND P{\'e}ter Fiala AND Frank Schultz AND Sascha Spors},
	Journal = {IEEE/ACM Trans. Audio Speech Language Process.},
	Month = {May},
	Number = {5},
	Owner = {fs446},
	Pages = {1117-1127},
	Title = {{Improved Referencing Schemes for 2.5D Wave Field Synthesis Driving Functions}},
	Volume = {25},
	Year = {2017}}

@inbook{Kimball1938,
	Address = {New York},
	Author = {Harry Kimball},
	Chapter = {XVI: Attenuation Equalizers},
	Edition = {3rd print},
	Pages = {228-272},
	Publisher = {D. Van Nostrand},
	Title = {Motion Picture Sound Engineering},
	Year = {1938}}

@inproceedings{Schultz2013a,
	Address = {Merano},
	Author = {Frank Schultz AND Vera Erbes AND Sascha Spors AND Stefan Weinzierl},
	Booktitle = {Proc. AIA-DAGA (40th Italian Conf. and 39th German Conf. Acoust.)},
	Pages = {2372-2375},
	Title = {{Derivation of IIR Prefilters for Soundfield Synthesis Using Linear Secondary Source Distributions}},
	Year = {2013}}

@inproceedings{Spors2010a,
	Address = {London},
	Author = {Sascha Spors AND Jens Ahrens},
	Booktitle = {Proc. 128th Audio Eng. Soc. Conv.},
	Number = {\#8121},
	Title = {{Analysis and Improvement of Pre-Equalization in 2.5-Dimensional Wave Field Synthesis}},
	Year = {2010}}

@book{Oppenheim2010,
	Address = {Upper Saddle River},
	Author = {Alan V. Oppenheim AND Ronald W. Schafer},
	Edition = {3.},
	Publisher = {Pearson},
	Title = {Discrete-Time Signal Processing},
	Year = {2010}}

@book{Ifeachor2002,
	Address = {Essex},
	Author = {Emmanuel C. Ifeachor AND Barrie W. Jervis},
	Edition = {2.},
	Publisher = {Prentice Hall},
	Title = {Digital Signal Processing},
	Year = {2002}}

@techreport{LAcoustics2013,
	Author = {L-Acoustics},
	Title = {Array Morphing, {V}2.1},
	Year = {2013}}

@book{Skudrzyk1971,
	Address = {New York},
	Author = {Eugen Skudrzyk},
	Publisher = {Springer},
	Title = {The Foundations of Acoustics},
	Year = {1971}}

@article{Winter2018,
	Author = {Winter, Fiete and Wierstorf, Hagen and Hold, Christoph and Kr{\"u}ger, Frank and Raake, Alexander and Spors, Sascha},
	Journal = {IEEE/ACM Trans. Audio Speech Language Process.},
	Number = {10},
	Pages = {1913--1924},
	Publisher = {IEEE},
	Title = {{Colouration in Local Wave Field Synthesis}},
	Volume = {26},
	Year = {2018}}

@phdthesis{Firtha2019,
	Author = {Gergely Firtha},
	School = {Budapest University of Technology and Economics},
	Title = {{A Generalized Wave Field Synthesis Theory with Application for Moving Virtual Sources}},
	Year = {2019}}

@techreport{Lorente2017,
	Author = {David Lorente AND Todd Meier AND Perrin Meyer AND Luke Jenks},
	Institution = {U.S. Patent \#9,722,560 B2, 2017-08-01},
	Title = {Filter with Independently Adjustable Band Gain and Break Slopes and Method of Constructing the Same},
	Year = {2017}}

@techreport{Eastty2015,
	Author = {Peter Charles Eastty},
	Institution = {U.S. Patent \#9,203,366 B2, 2015-12-01},
	Title = {Audio Processing},
	Year = {2015}}

@inproceedings{Eastty2008,
	Address = {San Francisco},
	Author = {Peter Charles Eastty},
	Booktitle = {Proc. 125th Audio Eng. Soc. Conv.},
	Number = {\#7639},
	Title = {{Accurate IIR Equalization to an Arbitrary Frequency Response with Low Delay and Low Noise Real-Time Adjustment}},
	Year = {2008}}

@inproceedings{Berners2003,
	Address = {New York},
	Author = {David P. Berners AND Jonathan S. Abel},
	Booktitle = {Proc. 115th Audio Eng. Soc. Conv.},
	Number = {\#5939},
	Title = {{Discrete-Time Shelf Filter Design for Analog Modeling}},
	Year = {2003}}

@inproceedings{Jot2015,
	Address = {New York},
	Author = {Jean-Marc Jot},
	Booktitle = {Proc. 139th Audio Eng. Soc. Conv.},
	Number = {\#9358},
	Title = {{Proportional Parametric Equalizers---Application to Digital Reverberation and Environmental Audio Processing}},
	Year = {2015}}

@inproceedings{Nielsen2016,
	Address = {Paris},
	Author = {Sofus Birkedal Nielsen},
	Booktitle = {Proc. 140th Audio Eng. Soc. Conv.},
	Number = {\#9559},
	Title = {{A Loudness Function for Analog and Digital Sound Systems based on Equal Loudness Level Contours}},
	Year = {2016}}

@inproceedings{Audfray2018,
	Address = {New York},
	Author = {R{\'e}mi Audfray AND Jean-Marc Jot AND Sam Dicker},
	Booktitle = {Proc. 145th Audio Eng. Soc. Conv.},
	Number = {\#10054},
	Title = {{Practical Realization of Dual-Shelving Filter Using Proportional Parametric Equalizers}},
	Year = {2018}}

@article{Chen2003,
	Author = {YangQuan Chen AND Blas M. Vinagre},
	Journal = {Sig. Process.},
	Pages = {2359-2365},
	Title = {{A New IIR-Type Digital Fractional Order Differentiator}},
	Volume = {83},
	Year = {2003}}
